@misc{weissteine,
    title    = {Inversion. {From MathWorld---A Wolfram Web Resource}},
    author   = {Weisstein, Eric W.},
    url      = {http://mathworld.wolfram.com/Inversion.html},
    note     = {Last visited on 27 February 2016},
}

@misc{kozaik,
    title={Circle Inversions and Applications to Euclidean Geometry},
    author={Kozai, Kenji and Libeskind, Shlomo},
    year={2009},
    month={1},
    url={http://jwilson.coe.uga.edu/MATH7200/InversionCompanion/inversion/inversionSupplement.pdf}
}

@misc{davist,
    title={Inversion in a Circle},
    author={Davis, Tom},
    year={2011},
    month={3},
    url={http://www.geometer.org/mathcircles/inversion.pdf}
}